@inproceedings{AhnHorTiu17concur,
  author    = {Ki Yung Ahn and Ross Horne and Alwen Tiu},
  title     = {A Characterisation of Open Bisimulation using an Intuitionistic Modal Logic},
  booktitle = {{CONCUR} '17},
  booktitle = {28th International Conference on Concurrency Theory ({CONCUR} '17)},
  series = {LIPIcs},
  year      = {2017},
  month     = sep,
  location  =  {Berlin, Germany},
  doi = {10.4230/LIPIcs.CONCUR.2017.7},
  volume = 85,
  pages = {7:1--7:17},
}

@phdthesis{AhnPhdThesis14,
  author = "Ahn, Ki Yung",
  title = "The {Nax} Language: Unifying Functional Programming and Logical Reasoning in a Language based on {Mendler}-style Recursion Schemes and Term-indexed Types",
 year = 2014,
 school = "Portland State University",
 note = "Dissertations and Theses. Paper 2088.
	\url{http://pdxscholar.library.pdx.edu/open\_access\_etds/2088}",
}
 url = {http://pdxscholar.library.pdx.edu/open\_access\_etds/2088},
 url = {http://pdxscholar.library.pdx.edu/open_access_etds/2088}

@inproceedings{AhnSheFioPit13,
 author    = {Ki Yung Ahn and Tim Sheard and Marcelo Fiore and Andrew M. Pitts},
 title     = {{System~F$_i$}: a higher-order polymorphic $\lambda$-calculus with erasable term indices},
 booktitle = {Proceedings of the 11th international conference on Typed
 Lambda Calculi and Applications. {\rm{TLCA} '13}},
 year      = {2013},
 publisher = {Springer},
 series    = {LNCS},
 volume    = {7941},
 doi = {10.1007/978-3-642-38946-7\_4},
}
 series    = {TLCA '13},


@inproceedings{Ahn11,
 author = {Ahn, Ki Yung and Sheard, Tim},
 title = {A hierarchy of mendler style recursion combinators: taming inductive datatypes with negative occurrences},
 booktitle = {Proceedings of the 16th ACM SIGPLAN international conference on Functional programming},
 series = {ICFP '11},
 year = {2011},
 isbn = {978-1-4503-0865-6},
 location = {Tokyo, Japan},
 pages = {234--246},
 numpages = {13},
 doi = {10.1145/2034773.2034807},
 acmid = {2034807},
 publisher = {ACM},
 address = {New York, NY, USA},
 keywords = {catamorphism, higher-order abstract syntax, histomorphism, parametric polymorphism, parametricity, recursion combinators, recursion schemes, termination, totality},
}
 url = {http://doi.acm.org/10.1145/2034773.2034807},

@inproceedings{Ahn08,
 author = {Ahn, Ki Yung and Sheard, Tim},
 title = {Shared subtypes: subtyping recursive parametrized algebraic data types},
 booktitle = {Proceedings of the first ACM SIGPLAN symposium on Haskell},
 series = {Haskell '08},
 year = {2008},
 isbn = {978-1-60558-064-7},
 location = {Victoria, BC, Canada},
 pages = {75--86},
 numpages = {12},
 doi = {10.1145/1411286.1411297},
 acmid = {1411297},
 publisher = {ACM},
 address = {New York, NY, USA},
 keywords = {algebraic data types, datatypes, gadts, parametrized types, recursive types, sharing representation, subtype, subtyping},
} 
 url = {http://doi.acm.org/10.1145/1411286.1411297},

@inproceedings{Kimmell12,
 author = {Kimmell, Garrin and Stump, Aaron and Eades,III, Harley D. and Fu, Peng and Sheard, Tim and Weirich, Stephanie and Casinghino, Chris and Sj\"{o}berg, Vilhelm and Collins, Nathan and Ahn, Ki Yung},
 title = {Equational reasoning about programs with general recursion and call-by-value semantics},
 booktitle = {Proceedings of the sixth workshop on Programming languages meets program verification},
 series = {PLPV '12},
 year = {2012},
 isbn = {978-1-4503-1125-0},
 location = {Philadelphia, Pennsylvania, USA},
 pages = {15--26},
 numpages = {12},
 doi = {10.1145/2103776.2103780},
 acmid = {2103780},
 publisher = {ACM},
 address = {New York, NY, USA},
}
 url = {http://doi.acm.org/10.1145/2103776.2103780},

@inproceedings{Vilhelm12,
  author    = {Vilhelm Sj{\"o}berg and
               Chris Casinghino and
               Ki Yung Ahn and
               Nathan Collins and
               Harley D. Eades III and
               Peng Fu and
               Garrin Kimmell and
               Tim Sheard and
               Aaron Stump and
               Stephanie Weirich},
  title     = {Irrelevance, Heterogeneous Equality, and Call-by-value Dependent
               Type Systems},
  booktitle = {MSFP},
  year      = {2012},
  pages     = {112-162},
  doi       = {10.4204/EPTCS.76.9},
  ee        = {http://dx.doi.org/10.4204/EPTCS.76.9},
  bibsource = {DBLP, http://dblp.uni-trier.de}
}
  crossref  = {DBLP:journals/corr/abs-1202-2407},

@article{Ahn13,
 author = {Ahn, Ki Yung and Denney, Ewen},
 title = {A framework for testing first-order logic axioms in program verification},
 journal = {Software Quality Journal},
 issue_date = {March     2013},
 volume = {21},
 number = {1},
 month = mar,
 year = {2013},
 issn = {0963-9314},
 pages = {159--200},
 numpages = {42},
 doi = {10.1007/s11219-011-9168-1},
 acmid = {2431363},
 publisher = {Kluwer Academic Publishers},
 address = {Hingham, MA, USA},
 keywords = {Automated theorem proving, Constraint solving, Model-based testing, Program verification, Property-based testing},
} 
 url = {http://dx.doi.org/10.1007/s11219-011-9168-1},

@inproceedings{Ahn10,
 author = {Ahn, Ki Yung and Denney, Ewen},
 title = {Testing first-order logic axioms in program verification},
 booktitle = {Proceedings of the 4th international conference on Tests and Proofs},
 series = {TAP'10},
 year = {2010},
 isbn = {3-642-13976-0, 978-3-642-13976-5},
 location = {M\'alaga, Spain},
 pages = {22--37},
 numpages = {16},
 acmid = {1894410},
 publisher = {Springer-Verlag},
 keywords = {automated theorem proving, constraint solving, model-based testing, program verification, property-based testing},
} 
 address = {Berlin, Heidelberg},
 url = {http://dl.acm.org/citation.cfm?id=1894403.1894410},

@inproceedings{AhnVez16,
 author = {Ki Yung Ahn and Andrea Vezzosi},
 title = {Executable Relational Specifications of Polymorphic Type Systems
	 using {Prolog}},
 booktitle = {Proceedings of the 13th International Symposium
	 on Functional and Logic Programming},
 note = "Draft available at
	\url{https://www.sharelatex.com/project/557756cfdfb75ebd54bf5807}",
 publisher = {Springer},
 series = {LNCS}, 
 volume = 9613,
 year = 2016,
 month = mar,
 pages = {109--125},
}
